@article{MPExpense,
	title={{How to Crowdsource MPs' Expenses}},
	journal={The Guardian},
	entrysubtype={newspaper},
	author={Simon Rogers},
	year = {2009},
	url = {http://www.theguardian.com/news/datablog/2009/jun/18/mps-expenses-houseofcommons},
	%urldate = {2015-08-01}
	}
@misc{Michel,
	title={{Interview with Mimi Onuoha}},
	author={Michel, Amanda},
	year = {17 September 2015},
	url = {},
	%urldate = {}
	}
@misc{Pilhofer,
	title={{Interview with Mimi Onuoha}},
	author={Pilhofer, Aron},
	year = {7 September 2015},
	url = {},
	%urldate = {}
	}
@online{ABCOpen,
	author={ABC Open},
	organization={ABC (Australian Broadcasting Corporation)},
	year = {},
	url = {https://open.abc.net.au/},
	%urldate = {2015-08-30}
	}
@online{ABCNews,
	title={{What Reporter Will Ockenden's Metadata Reveals About His Life}},
	organization={ABC (Australian Broadcasting Corporation)},
	author={Ockenden, Will},
	year = {24 August 2015},
	url = {http://www.abc.net.au/news/2015-08-24/metadata-what-you-found-will-ockenden/6703626},
	%urldate = {2015-09-07}
	}
@misc{Liddy,
	title={{Interview with Mimi Onuoha}},
	author={Liddy, Matt},
	year = {8 September 2015},
	url = {},
	%urldate = {}
	}
@misc{Bradshaw,
	title={{Interview with Paul Bradshaw}},
	author={Bradshaw, Paul},
	year = {27 August 2015},
	url = {},
	%urldate = {}
	}
@online{HMI,
	author={Help Me Investigate},
	url = {http://helpmeinvestigate.com/},
	%urldate = {2015-08-15}
	}
@online{GE,
	author={Generation E},
	url = {generatione.eu},
	%urldate = {2015-08-15}
	}
@misc{Ottaviani,
	title={{Interview with Mimi Onuoha}},
	author={Ottaviani, Jacopo},
	year = {17 August 2015},
	url = {},
	%urldate = {}
	}
@misc{Drapkin,
	title={{Interview with Julia Kumari Drapkin}},
	author={Kumari Drapkin, Julia},
	year = {10 September 2015},
	url = {},
	%urldate = {}
	}
@online{iSeeChange,
	author={iSeeChange | Crowdsourced Climate Change Reporting},
	year = {},
	url = {http://thealmanac.org/year.php},
	%urldate = {2015-08-07}
	}
@misc{Laughland,
	title={{Interview with Mimi Onuoha}},
	author={Laughland, Oliver},
	year = {31 July 2015},
	url = {},
	%urldate = {}
	}
@misc{Hamilton,
	title={{Interview with Mimi Onuoha}},
	author={Hamilton, Mary},
	year = {17 August 2015},
	url = {},
	%urldate = {}
	}
@online{Counted,
	title={{The Counted: People Killed By Police in the U.S.}},
	journal={The Guardian},
	entrysubtype={newspaper},
	author={},
	year = {2015},
	url = {http://www.theguardian.com/us-news/ng-interactive/2015/jun/01/the-counted-police-killings-us-database},
	%urldate = {2015-08-07}
	}
@misc{Brabham,
	title={{Interview with Mimi Onuoha}},
	author={Brabham, Daren},
	year = {19 August 2015},
	url = {},
	%urldate = {}
	}
@article{BrabhamAmateur,
	title={{The Myth of Amateur Crowds}},
	journal={Information, Communication \& Society},
	entrysubtype = {magazine},
	vol = {15},
	number = {3},
	pages = {394-410},
	author={Brabham, Daren},
	year = {2012},
	url = {http://dx.doi.org/10.1080/1369118X.2011.641991},
	%urldate = {}
	}
@article{Rogstadiusa,
	title={{An Assessment of Intrinsic and Extrinsic Motivation on Task Performance in Crowdsourcing Markets}},
	journal={},
	entrysubtype = {magazine},
	vol = {},
	number = {},
	pages = {},
	author={Jakob Rogstadiusa
Vassilis Kostakosa
Aniket Kitturb
Boris Smusa
Jim Laredoc
Maja Vukovicc},
	year = {},
	url = {http://www.aaai.org/ocs/index.php/icwsm/icwsm11/paper/download/2778/3295},
	%urldate = {2015-09-01}
	}
@online{MPLessons,
	title={{Four Crowdsourcing Lessons From The Guardian’s (Spectacular) Expenses-Scandal Experiment}},
	organization={The Nieman Journalism Lab},
	author={Andersen, Michael},
	year = {23 June 2009},
	url = {http://www.niemanlab.org/2009/06/four-crowdsourcing-lessons-from-the-guardians-spectacular-expenses-scandal-experiment/},
	%urldate = {2015-08-15}
	}
@online{SubwayAgony,
	title={{Live Subway Agony Index}},
	organization={WNYC},
	author={WNYC Data News Team},
	year = {6 July 2015},
	url = {http://www.wnyc.org/story/your-subway-agony/},
	%urldate = {8/15/15}
	}
@misc{Kennedy,
	title={{Interview with Jeanne Pinder}},
	author={Kennedy, Jim},
	year = {11-Aug-15},
	url = {},
	%urldate = {}
	}
@misc{Schachter,
	title={{Interview with Jeanne Pinder}},
	author={Schachter, Jim},
	year = {Sept. 8, 2015},
	url = {},
	%urldate = {}
	}
@misc{Pinder,
	title={{Jeanne Pinder files}},
	author={Pinder, Jeanne},
	year = {Sept. 28, 2015},
	url = {},
	%urldate = {}
	}
@misc{Hesser,
	title={{Interview with Jeanne Pinder}},
	author={Hesser, Amanda},
	year = {Sept. 15, 2015},
	url = {},
	%urldate = {}
	}
@misc{Leonard,
	title={{Interview with Jeanne Pinder}},
	author={Leonard, Matthew},
	year = {Sept. 9, 2015},
	url = {},
	%urldate = {}
	}
@misc{ReischelHarris ,
	title={{Interview with Jeanne Pinder}},
	author={Reischel, Julia and Harris, Lissa},
	year = {Aug. 6, 2015},
	url = {},
	%urldate = {}
	}
@misc{Keefe,
	title={{Interview with Jeanne Pinder}},
	author={Keefe, John},
	year = {July 31, 2015},
	url = {},
	%urldate = {}
	}
@online{Cicadas,
	title={{Cicada Tracker}},
	organization={WNYC},
	author={},
	year = {2013},
	url = {http://project.wnyc.org/cicadas/},
	%urldate = {7/31/15}
	}
@online{Sleep,
	title={{Track Your Sleep}},
	organization={WNYC},
	author={},
	year = {2014},
	url = {http://project.wnyc.org/sleep/},
	%urldate = {8/6/15}
	}
@online{Bored,
	title={{Bored and Brilliant}},
	organization={WNYC},
	author={},
	year = {},
	url = {http://www.wnyc.org/series/bored-and-brilliant/},
	%urldate = {8/15/15}
	}
@online{Storm,
	title={{Mapping the Storm Cleanup}},
	organization={WNYC},
	author={},
	year = {2010},
	url = {http://www.wnyc.org/story/105465-2-mapping-storm-clean/},
	%urldate = {8/6/15}
	}
@online{Ballot,
	title={{Your New Ballot Stories}},
	organization={WNYC},
	author={},
	year = {2010},
	url = {http://www.wnyc.org/story/94305-text-ballot-your-primary-day-reports/},
	%urldate = {8/6/15}
	}
@misc{Dukarski,
	title={{Interview with Jeanne Pinder}},
	author={Dukarski, Jennifer},
	year = {Aug. 19, 2015},
	url = {},
	%urldate = {}
	}
@misc{Dukarski,
	title={{Interview with Jan Schaffer}},
	author={Elisabeth Rosenthal},
	year = {},
	url = {},
	%urldate = {}
	}
@article{Paying,
	title={{Paying Till It Hurts}},
	journal={The New York Times},
	entrysubtype = {magazine},
	vol = {},
	number = {},
	pages = {},
	author={Elisabeth Rosenthal},
	year = {2013},
	url = {http://www.nytimes.com/interactive/2014/health/paying-till-it-hurts.html?_r=0},
	%urldate = {9/3/15}
	}
@article{Howe,
	title={{The Rise of Crowdsourcing}},
	journal={Wired},
	entrysubtype = {magazine},
	vol = {},
	number = {},
	pages = {},
	author={Howe, Jeff},
	year = {6 June, 2006},
	url = {http://archive.wired.com/wired/archive/14.06/crowds.html},
	%urldate = {9.15/15}
	}
@book{Gillmor,
	title={{We the Media: Grassroots Journalism By the People, For the People}},
	author={Gilmore, Dan},
	address={Sebastapol},
	publisher={O'Reilly Media},
	year = {2006},
	url = {http://www.oreilly.com/wethemedia/},
	%urldate = {}
	}
@online{Rosen,
	title={{The People Formerly Known as the Audience}},
	author={Rosen, Jay},
	organization={Pressthink},
	year = {27 June 2006},
	url = {http://archive.pressthink.org/2006/06/27/ppl_frmr.html},
	%urldate = {8/10/15}
	}
@online{FortMyers,
	title={{The New (Investigative) Journalism}},
	organization={Crowdsourcing},
	author={Howe, Jeff},
	year = {4 November 2006},
	url = {http://www.crowdsourcing.com/cs/2006/11/the_new_investi.html},
	%urldate = {8/10/15}
	}
@online{CaseStudy,
	title={{Crowdsourcing at the Fort Myers, FL, News-Press}},
	organization={Case Study},
	author={},
	year = {},
	url = {http://ccnmtl.columbia.edu/projects/caseconsortium/casestudies/19/casestudy/files/global/19/Crowdsourcing%20Text%20Part%20A_w},
	%urldate = {8/10/15}
	}
@online{Nieman,
	title={{The Wisdom of the Crowd Resides in How the Crowd is Used}},
	organization={Neiman Journalism Lab},
	author={Howe, Jeff},
	year = {23 December 2008},
	url = {http://niemanreports.org/articles/the-wisdom-of-the-crowd-resides-in-how-the-crowd-is-used/},
	%urldate = {8/10/15}
	}
@online{Jarvis,
	title={{The Press Becomes the Press-Sphere}},
	organization={BuzzMachine},
	author={Jarvis, Jeff},
	year = {14 April 2006},
	url = {http://buzzmachine.com/2008/04/14/the-press-becomes-the-press-sphere/},
	%urldate = {8/10/15}
	}
@online{Tow,
	title={{Post-Industrial Journalism: Adapting to the Present}},
	organization={Tow Center for Digital Journalism},
	author={Emily Bell Clay Shirkey Chris Anderson},
	year = {27 November 2012},
	url = {http://towcenter.org/research/post-industrial-journalism-adapting-to-the-present-2/},
	%urldate = {8/12/15}
	}
@article{CJR,
	title={{A New Consensus on the Future of News}},
	journal={Columbia Journalism Review},
	entrysubtype = {magazine},
	vol = {},
	number = {},
	pages = {},
	author={Starkman, Dean},
	year = {28 February 2014},
	url = {http://www.cjr.org/the_audit/a_new_consensus_on_the_future.php?page=all},
	%urldate = {8/10/15}
	}
@misc{Koren,
	title={{Interview with Jan Schaffer}},
	author={Sasha Koren},
	year = {25 August 2015},
	url = {},
	%urldate = {}
	}
@misc{Patel,
	title={{Interview with Jan Schaffer}},
	author={ Sona Patel},
	year = {24 August 2015},
	url = {},
	%urldate = {}
	}
@misc{Zamora,
	title={{Interview with Jan Schaffer and follow-up email}},
	author={Amanda Zamora},
	year = {14 August 2015. },
	url = {},
	%urldate = {}
	}
@misc{Ornstein,
	title={{Interview with Jan Schaffer}},
	author={Charles Ornstein },
	year = {19 August, 2015},
	url = {},
	%urldate = {}
	}
@misc{Parris,
	title={{Interview with Jan Schaffer}},
	author={Terry Parris Jr.},
	year = {14 August 2015},
	url = {},
	%urldate = {}
	}
@online{Innovation,
	title={{The Full New York Times Innovation Report}},
	author={Jason Abbruzzese},
	organization={Mashable},
	year = {16 May 2014},
	url = {http://mashable.com/2014/05/16/full-new-york-times-innovation-report/},
	%urldate = {8/12/15}
	}
@misc{Barber,
	title={{Interview with Jan Schaffer}},
	author={Greg Barber},
	year = {24 August 2015},
	url = {},
	%urldate = {}
	}
@misc{Brandel,
	title={{Interview with Jan Schaffer and follow-up email}},
	author={Jennifer Brandel},
	year = {12 August 2015},
	url = {},
	%urldate = {}
	}
@misc{Morisy,
	title={{Interview with Jan Schaffer}},
	author={Michael Morisy},
	year = {21 August  2015},
	url = {},
	%urldate = {}
	}
@misc{CNN,
	title={{Interview with Jan Schaffer}},
	author={John Suter},
	year = {18 August  2015},
	url = {},
	%urldate = {}
	}
@misc{JSHN,
	title={{Interview with Jan Schaffer}},
	author={Justin Auciello},
	year = {11 August 2015},
	url = {},
	%urldate = {}
	}
@misc{Commute,
	title={{Interview with Jan Schaffer}},
	author={Justin Crandall},
	year = {13 August 2015},
	url = {},
	%urldate = {}
	}
@misc{ICIJ,
	title={{Interview with Jan Schaffer}},
	author={Marina Walker Guevara},
	year = {},
	url = {},
	%urldate = {}
	}
@online{Buzenberg,
	title={{Anatomy of a Global Investigation: Collaborative, Data-Driven, Without Borders}},
	author={Buzenberg, William},
	organization={Shorenstein Center on Media, Politics and Public Policy},
	year = {July 2015},
	url = {http://shorensteincenter.org/wp-content/uploads/2015/07/Anatomy-of-a-Global-Investigation-William-Buzenberg.pdf},
	%urldate = {9/1515}
	}
@misc{Burghart,
	title={{Interview with Jan Schaffer}},
	author={D. Brian Burghart},
	year = {29 July 2015},
	url = {},
	%urldate = {}
	}
@misc{weather,
	title={{Interview with Jan Schaffer}},
	author={Jason Samenow},
	year = {25 August 2015},
	url = {},
	%urldate = {}
	}
@misc{Aliferis,
	title={{Interview with Jan Schaffer}},
	author={Lisa Alferis},
	year = {20 August 2015},
	url = {},
	%urldate = {}
	}
@misc{Pape,
	title={{Interview with Jeanne Pinder}},
	author={Eric Pape},
	year = {5 August 2015},
	url = {},
	%urldate = {}
	}
@online{Coral,
	author={The Coral Project},
	url = {http://coralproject.net/},
	%urldate = {8/23/15}
	}
@online{CPNN,
	author={Crowd-Powered News Network},
	url = {https://docs.google.com/forms/d/170joKlpiLfn8qlnT7lxSJgJKq1IDg_KVilezkbE68U0/viewform},
	%urldate = {8/16/15}
	}
@misc{CHC,
	title={{Interview with Jan Schaffer}},
	author={},
	year = {21-Jul-15},
	url = {},
	%urldate = {}
	}
@online{Safety,
	title={{Patient Safety: Exploring Quality of Care in the U.S}},
	organization={ProPublica},
	author={},
	year = {},
	url = {https://www.propublica.org/series/patient-safety},
	%urldate = {8/14/15}
	}
@online{Curious ,
	author={Curious City},
	year = {},
	url = {http://curiouscity.wbez.org/},
	%urldate = {8/12/15}
	}
@online{column,
	title={{The People Have Spoken}},
	organization={CNN},
	author={Sutter, John D.},
	year = {18 June 2013},
	url = {http://www.cnn.com/2013/06/18/opinion/sutter-ctl-vote-results/index.html},
	%urldate = {8/18/15}
	}
@online{scorecard,
	title={{Surgeon Scorecard}},
	organization={ProPublica},
	author={Sisi Wei Olga Pierce Marshall Allen},
	year = {},
	url = {https://projects.propublica.org/surgeons/},
	%urldate = {8/14/15}
	}
@article{Beckett,
	title={{Networked Journalism}},
	journal={The Guardian},
	entrysubtype = {magazine},
	vol = {},
	number = {},
	pages = {},
	author={Beckett, Charlie},
	year = {3 May 2008},
	url = {http://www.theguardian.com/commentisfree/2008/may/03/networkedjournalism},
	%urldate = {8/1/15}
	}
@online{Drone,
	title={{Georgia Tech Police Wanted to Fly Surveillance Drone at Football Games}},
	organization={MuckRock.com},
	author={Musgrave, Shawn},
	year = {24 January 2013},
	url = {https://www.muckrock.com/news/archives/2013/jan/24/georgia-tech-police-wanted-fly-surveillance-drone},
	%urldate = {8/20/15}
	}
@article{Carvin,
	title={{Andy Carvin: The Man Who Tweets Revolutions}},
	journal={The Guardian},
	entrysubtype = {magazine},
	vol = {},
	number = {},
	pages = {},
	author={Kiss, Jemima},
	year = {4 September 2011},
	url = {http://www.theguardian.com/media/2011/sep/04/andy-carvin-tweets-revolutions},
	%urldate = {10/20/15}
	}
@online{Group,
	organization={ProPublica},
	author={Patient Harm Facebook Group},
	year = {},
	url = {https://www.facebook.com/groups/patientharm/},
	%urldate = {8/13/15}
	}
@online{perks,
	title={{ProPublica's Super Bowl Blitz: Which Congressmen Are Getting Super Bowl Perks?}},
	organization={ProPublica},
	author={Zamora, Amanda},
	year = {6 January 2010},
	url = {http://www.propublica.org/getinvolved/item/propublicas-super-bowl-blitz-which-congressmen-are-getting-super-bowl-perks},
	%urldate = {8/13/15}
	}
@online{Files,
	title={{Free the Files}},
	organization={ProPublica},
	author={},
	year = {},
	url = {http://www.propublica.org/series/free-the-files},
	%urldate = {8/13/15}
	}
%??{text,
	title={{We came across a number of digital-first organizations that have embraced crowdsourcing in ways that are more fluid and informal than other organizations we interviewed. Places like Gawker, BuzzFeed, and Medium have all created efforts that include asking for audience members to contribute with stories of their own. While we have opted not to include these examples because they do not fit our definition of crowdsourcing (these asks do not necessarily lead to new acts of journalism), we do find them to be important examples of the growing trend within journalism of involving audience members earlier and more deeply within the story-making and storytelling processes.}},
	author={},
	year = {},
	url = {},
	%urldate = {}
	}
@article{Pathways,
	title={{Final Post: Wrapping Up and Presenting Pathways}},
	journal={National Geographic},
	entrysubtype = {magazine},
	vol = {},
	number = {},
	pages = {},
	author={Onuoha, Mimi},
	year = {31 August 2015},
	url = {http://voices.nationalgeographic.com/2015/08/31/final-post-wrapping-up-and-presenting-pathways/},
	%urldate = {10/25/15}
	}
@article{talkingpoints,
	title={{Blogger, Sans Pajamas, Rakes Muck and a Prize}},
	journal={The New York Times},
	entrysubtype = {magazine},
	vol = {},
	number = {},
	pages = {},
	author={Cohen, Noam},
	year = {25 February 2008},
	url = {http://www.nytimes.com/2008/02/25/business/media/25marshall.html?_r=2\&oref=slogin\&ref=todayspaper\&pagewanted=print\&},
	%urldate = {}
	}
@online{Hearken,
	author={Hearken},
	year = {},
	url = {http://www.wearehearken.com/},
	%urldate = {}
	}
@online{surveillance,
	title={{Street Level Surveillance: Help Find Who Uses Mobile Biometric Technology}},
	organization={MuckRock.com},
	author={Morisy, Michael},
	year = {4 August 2015},
	url = {https://www.muckrock.com/news/archives/2015/aug/04/street-level-surveillance-who-using-mobile-biometr/},
	%urldate = {}
	}
@online{Towblog,
	title={{Crowdsourcing in Theory and Practice}},
	organization={Tow Center for Digital Journalism},
	author={T/k},
	year = {T/K},
	url = {http://towcenter.org/crowdsourcing-in-theory-and-practice},
	%urldate = {}
	}
